@misc{weisstein_2018, title={Hamiltonian Cycle}, url={http://mathworld.wolfram.com/HamiltonianCycle.html}, journal={Hamiltonian Cycle}, publisher={http://mathworld.wolfram.com/HamiltonianCycle.html}, author={Weisstein, Eric}, year={2018}, month={Oct}}
@misc{geeksforgeeks_2018, title={Travelling Salesman Problem | Set 1 (Naive and Dynamic Programming)}, url={https://www.geeksforgeeks.org/travelling-salesman-problem-set-1/}, journal={GeeksforGeeks}, year={2018}, month={Sep}}
@misc{mathematics_stack_exchange_2012, title={How many Hamiltonian cycles are there in a complete graph $K_n$ ($n\geq 3$) Why?}, url={https://math.stackexchange.com/questions/249817/how-many-hamiltonian-cycles-are-there-in-a-complete-graph-k-n-n-geq-3-why}, journal={Mathematics Stack Exchange}, publisher={Mathematics Stack Exchange}, year={2012}, month={Dec}}